@misc{tipherathacplib2023,
  author       = {Tifa},
  title        = {Tifa's CP lib},
  year         = {2023},
  publisher    = {GitHub},
  journal      = {GitHub Repository},
  howpublished = {\url{https://github.com/Tiphereth-A/CP-lib}}
}
