@misc{antileafstandard,
  author = {All{-}in at the {R}iver},
  title = {Standard {C}ode {L}ibrary},
  year = {2018},
  publisher = {GitHub},
  journal = {GitHub Repository},
  howpublished = {\url{https://github.com/AntiLeaf/Standard-Code-Library}},
}
